{
  "leader": "03486cam a2200517 a 4500",
  "fields": [
    {
      "001": "ocm33948927\\"
    },
    {
      "003": "OCoLC"
    },
    {
      "005": "20220701142137.0"
    },
    {
      "008": "951207s1996\\\\\\\\ii\\\\\\\\\\\\\\b\\\\\\\\001\\0\\eng\\\\"
    },
    {
      "010": {
        "ind1": "\\",
        "ind2": "\\",
        "subfields": [
          {
            "a": "   95026755 "
          }
        ]
      }
    },
    {
      "040": {
        "ind1": "\\",
        "ind2": "\\",
        "subfields": [
          {
            "a": "DLC"
          },
          {
            "b": "eng"
          },
          {
            "c": "DLC"
          },
          {
            "d": "UKM"
          },
          {
            "d": "COX"
          },
          {
            "d": "BAKER"
          },
          {
            "d": "NLGGC"
          },
          {
            "d": "YDXCP"
          },
          {
            "d": "BTCTA"
          },
          {
            "d": "ZWZ"
          },
          {
            "d": "GEBAY"
          },
          {
            "d": "UKMGB"
          },
          {
            "d": "OCLCO"
          },
          {
            "d": "OCLCF"
          },
          {
            "d": "OCLCQ"
          },
          {
            "d": "TJC"
          },
          {
            "d": "OCLCQ"
          },
          {
            "d": "UKBTH"
          },
          {
            "d": "L2U"
          },
          {
            "d": "OCLCO"
          }
        ]
      }
    },
    {
      "015": {
        "ind1": "\\",
        "ind2": "\\",
        "subfields": [
          {
            "a": "GB9660731"
          },
          {
            "2": "bnb"
          }
        ]
      }
    },
    {
      "016": {
        "ind1": "7",
        "ind2": "\\",
        "subfields": [
          {
            "a": "006346357"
          },
          {
            "2": "Uk"
          }
        ]
      }
    },
    {
      "019": {
        "ind1": "\\",
        "ind2": "\\",
        "subfields": [
          {
            "a": "35235307"
          }
        ]
      }
    },
    {
      "020": {
        "ind1": "\\",
        "ind2": "\\",
        "subfields": [
          {
            "a": "8170365279"
          },
          {
            "q": "(India-hb)"
          }
        ]
      }
    },
    {
      "020": {
        "ind1": "\\",
        "ind2": "\\",
        "subfields": [
          {
            "a": "9788170365273"
          },
          {
            "q": "(India-hb)"
          }
        ]
      }
    },
    {
      "020": {
        "ind1": "\\",
        "ind2": "\\",
        "subfields": [
          {
            "a": "0803992920"
          },
          {
            "q": "(US-hb)"
          }
        ]
      }
    },
    {
      "020": {
        "ind1": "\\",
        "ind2": "\\",
        "subfields": [
          {
            "a": "9780803992924"
          },
          {
            "q": "(US-hb)"
          }
        ]
      }
    },
    {
      "035": {
        "ind1": "\\",
        "ind2": "\\",
        "subfields": [
          {
            "a": "(OCoLC)33948927"
          },
          {
            "z": "(OCoLC)35235307"
          }
        ]
      }
    },
    {
      "043": {
        "ind1": "\\",
        "ind2": "\\",
        "subfields": [
          {
            "a": "a------"
          }
        ]
      }
    },
    {
      "050": {
        "ind1": "0",
        "ind2": "0",
        "subfields": [
          {
            "a": "JS6950"
          },
          {
            "b": ".D425 1996"
          }
        ]
      }
    },
    {
      "080": {
        "ind1": "0",
        "ind2": "\\",
        "subfields": [
          {
            "a": "352(05"
          }
        ]
      }
    },
    {
      "082": {
        "ind1": "0",
        "ind2": "0",
        "subfields": [
          {
            "a": "352.05"
          },
          {
            "b": "DEC"
          }
        ]
      }
    },
    {
      "245": {
        "ind1": "0",
        "ind2": "0",
        "subfields": [
          {
            "a": "Decentralised governance in Asian countries /"
          },
          {
            "c": "edited by Abdul Aziz, David D. Arnold."
          }
        ]
      }
    },
    {
      "260": {
        "ind1": "\\",
        "ind2": "\\",
        "subfields": [
          {
            "a": "New Delhi ;"
          },
          {
            "a": "Thousand Oaks, Calif. :"
          },
          {
            "b": "Sage Publications,"
          },
          {
            "c": "1996."
          }
        ]
      }
    },
    {
      "300": {
        "ind1": "\\",
        "ind2": "\\",
        "subfields": [
          {
            "a": "301 pages ;"
          },
          {
            "c": "23 cm"
          }
        ]
      }
    },
    {
      "336": {
        "ind1": "\\",
        "ind2": "\\",
        "subfields": [
          {
            "a": "text"
          },
          {
            "b": "txt"
          },
          {
            "2": "rdacontent"
          }
        ]
      }
    },
    {
      "337": {
        "ind1": "\\",
        "ind2": "\\",
        "subfields": [
          {
            "a": "unmediated"
          },
          {
            "b": "n"
          },
          {
            "2": "rdamedia"
          }
        ]
      }
    },
    {
      "338": {
        "ind1": "\\",
        "ind2": "\\",
        "subfields": [
          {
            "a": "volume"
          },
          {
            "b": "nc"
          },
          {
            "2": "rdacarrier"
          }
        ]
      }
    },
    {
      "504": {
        "ind1": "\\",
        "ind2": "\\",
        "subfields": [
          {
            "a": "Includes bibliographical references and index."
          }
        ]
      }
    },
    {
      "505": {
        "ind1": "0",
        "ind2": "0",
        "subfields": [
          {
            "t": "Issues in decentralised governance /"
          },
          {
            "r": "Rajni Kothari --"
          },
          {
            "t": "Local self-government system in rural Bangladesh /"
          },
          {
            "r": "Mohammad Mohabbat Khan --"
          },
          {
            "t": "Decentralised governance and its impact on rural society in Bangladesh /"
          },
          {
            "r": "Zarina Rahman Khan --"
          },
          {
            "t": "Chinese village autonomy: present status and future prospects /"
          },
          {
            "r": "Wang Zhenyao --"
          },
          {
            "t": "The Villagers' self-government in Lishu County, Jilin Province of the People's Republic of China /"
          },
          {
            "r": "Cao Guoying and Zhang Houan --"
          },
          {
            "t": "Panchayats: the local self-government system in India /"
          },
          {
            "r": "George Mathew --"
          },
          {
            "t": "Power to the people: the Karnataka experiment /"
          },
          {
            "r": "Abdul Aziz, Charles Nelson and Devendra Babu --"
          },
          {
            "t": "Decentralisation and local self-governments in Nepal: an overview /"
          },
          {
            "r": "Soorya L. Amatya --"
          },
          {
            "t": "Decentralised governance and planning process: a case study of the Karnali-Bheri Integrated Rural Development (K-BIRD) Project, Nepal /"
          },
          {
            "r": "Sant B. Gurung --"
          },
          {
            "t": "Local governance and decentralisation: the Philippine experience /"
          },
          {
            "r": "Alex B. Brillantes, Jr. --"
          },
          {
            "t": "Local self-governance: the case of Itogon municipality in the Philippines /"
          },
          {
            "r": "Jessica K. Carino --"
          },
          {
            "t": "Devolution of governance and self-government in Sri Lanka /"
          },
          {
            "r": "C. Suriyakumaran --"
          },
          {
            "t": "Decentralisation and local self-governance in Sri Lanka: the field experience /"
          },
          {
            "r": "H.A.P. Abeyawardana."
          }
        ]
      }
    },
    {
      "520": {
        "ind1": "\\",
        "ind2": "\\",
        "subfields": [
          {
            "a": "This work examines the theoretical underpinnings of decentralisation, the origins of various systems, their common and distinctive features and their effectiveness in terms of ensuring citizen participation."
          }
        ]
      }
    },
    {
      "540": {
        "ind1": "\\",
        "ind2": "\\",
        "subfields": [
          {
            "a": "Current Copyright Fee: GBP26.00"
          },
          {
            "c": "0."
          },
          {
            "5": "Uk"
          }
        ]
      }
    },
    {
      "650": {
        "ind1": "\\",
        "ind2": "0",
        "subfields": [
          {
            "a": "Decentralization in government"
          },
          {
            "z": "Asia."
          }
        ]
      }
    },
    {
      "650": {
        "ind1": "\\",
        "ind2": "0",
        "subfields": [
          {
            "a": "Local government"
          },
          {
            "z": "Asia."
          }
        ]
      }
    },
    {
      "650": {
        "ind1": "\\",
        "ind2": "7",
        "subfields": [
          {
            "a": "Decentralization in government."
          },
          {
            "2": "fast"
          },
          {
            "0": "(OCoLC)fst00888948"
          }
        ]
      }
    },
    {
      "650": {
        "ind1": "\\",
        "ind2": "7",
        "subfields": [
          {
            "a": "Local government."
          },
          {
            "2": "fast"
          },
          {
            "0": "(OCoLC)fst01001300"
          }
        ]
      }
    },
    {
      "651": {
        "ind1": "\\",
        "ind2": "7",
        "subfields": [
          {
            "a": "Asia."
          },
          {
            "2": "fast"
          },
          {
            "0": "(OCoLC)fst01240495"
          }
        ]
      }
    },
    {
      "700": {
        "ind1": "1",
        "ind2": "\\",
        "subfields": [
          {
            "a": "Aziz, Abdul,"
          },
          {
            "d": "1937-"
          }
        ]
      }
    },
    {
      "700": {
        "ind1": "1",
        "ind2": "\\",
        "subfields": [
          {
            "a": "Arnold, David D.,"
          },
          {
            "d": "1952-"
          }
        ]
      }
    },
    {
      "776": {
        "ind1": "0",
        "ind2": "8",
        "subfields": [
          {
            "i": "Online version:"
          },
          {
            "t": "Decentralised governance in Asian countries."
          },
          {
            "d": "New Delhi ; Thousand Oaks, Calif. : Sage Publications, 1996"
          },
          {
            "w": "(OCoLC)605112237"
          }
        ]
      }
    },
    {
      "856": {
        "ind1": "4",
        "ind2": "1",
        "subfields": [
          {
            "3": "Table of contents"
          },
          {
            "u": "http://catdir.loc.gov/catdir/enhancements/fy0657/95026755-t.html"
          }
        ]
      }
    },
    {
      "856": {
        "ind1": "4",
        "ind2": "2",
        "subfields": [
          {
            "3": "Publisher description"
          },
          {
            "u": "http://catdir.loc.gov/catdir/enhancements/fy0657/95026755-d.html"
          }
        ]
      }
    },
    {
      "994": {
        "ind1": "\\",
        "ind2": "\\",
        "subfields": [
          {
            "a": "Z0"
          },
          {
            "b": "NYRVC"
          }
        ]
      }
    },
    {
      "948": {
        "ind1": "\\",
        "ind2": "\\",
        "subfields": [
          {
            "h": "NO HOLDINGS IN NYRVC - 168 OTHER HOLDINGS"
          }
        ]
      }
    },
    {
      "999": {
        "ind1": "\\",
        "ind2": "\\",
        "subfields": [
          {
            "a": "00000000019119"
          }
        ]
      }
    }
  ]
}